<record><leader>00000cas a2200000Ia 4500</leader><controlfield tag="001">17897043</controlfield><controlfield tag="008">880505d18741908vausr ne      0   a0eng d</controlfield><datafield ind1=" " ind2=" " tag="010"><subfield code="a">sn 94060197 </subfield></datafield><datafield ind1=" " ind2=" " tag="040"><subfield code="a">GQG</subfield><subfield code="b">eng</subfield><subfield code="c">GQG</subfield><subfield code="d">NVK</subfield><subfield code="d">OCLCQ</subfield></datafield><datafield ind1=" " ind2=" " tag="043"><subfield code="a">n-us-va</subfield></datafield><datafield ind1=" " ind2="4" tag="050"><subfield code="a">HV1796.V83</subfield><subfield code="b">S72</subfield></datafield><datafield ind1="0" ind2="4" tag="245"><subfield code="a">The Goodson gazette.</subfield></datafield><datafield ind1=" " ind2=" " tag="260"><subfield code="a">Staunton, Va. :</subfield><subfield code="b">Virginia Institution for the Education of the Deaf and Dumb and the Blind,</subfield><subfield code="c">1874-1908.</subfield></datafield><datafield ind1=" " ind2=" " tag="300"><subfield code="a">v. ;</subfield><subfield code="c">34 cm.</subfield></datafield><datafield ind1=" " ind2=" " tag="310"><subfield code="a">Semimonthly,</subfield><subfield code="b">Nov. 9, 1895-</subfield></datafield><datafield ind1=" " ind2=" " tag="321"><subfield code="a">Weekly,</subfield><subfield code="b">Sept. 23, 1883-Oct. 1895</subfield></datafield><datafield ind1=" " ind2=" " tag="321"><subfield code="a">Monthly</subfield></datafield><datafield ind1="1" ind2=" " tag="362"><subfield code="a">Began in 1874; ceased in 1908.</subfield></datafield><datafield ind1=" " ind2=" " tag="500"><subfield code="a">Publisher varies: Virginia School for the Deaf and the Blind, &lt;1906&gt;-</subfield></datafield><datafield ind1=" " ind2=" " tag="515"><subfield code="a">Vol. numbering irregular.</subfield></datafield><datafield ind1=" " ind2=" " tag="588"><subfield code="a">Description based on: Vol. 1, no. 2 (Jan. 9, 1875).</subfield></datafield><datafield ind1="2" ind2="0" tag="610"><subfield code="a">Virginia School for the Deaf and the Blind</subfield><subfield code="v">Newspapers.</subfield></datafield><datafield ind1=" " ind2="0" tag="650"><subfield code="a">Deaf</subfield><subfield code="x">Education</subfield><subfield code="z">Virginia</subfield><subfield code="v">Newspapers.</subfield></datafield><datafield ind1=" " ind2="0" tag="651"><subfield code="a">Staunton (Va.)</subfield><subfield code="v">Newspapers.</subfield></datafield><datafield ind1="2" ind2=" " tag="710"><subfield code="a">Virginia School for the Deaf and the Blind.</subfield></datafield><datafield ind1=" " ind2=" " tag="752"><subfield code="a">United States</subfield><subfield code="b">Virginia</subfield><subfield code="d">Staunton.</subfield></datafield><datafield ind1="0" ind2="0" tag="785"><subfield code="t">Virginia guide</subfield><subfield code="w">(OCoLC)17897165</subfield></datafield></record>